<record xmlns="http://www.loc.gov/MARC21/slim" xmlns:xsi="http://www.w3.org/2001/XMLSchema-instance" xsi:schemaLocation="http://www.loc.gov/MARC21/slim http://www.loc.gov/standards/marcxml/schema/MARC21slim.xsd"><leader>00357nz   2200133n  4500</leader><controlfield tag="001">oca00843183 </controlfield><controlfield tag="005">19840322000000.0</controlfield><controlfield tag="008">830119n| acannaab|          |a aaa |||  </controlfield><datafield ind1=" " ind2=" " tag="010"><subfield code="a">n  82147132 </subfield></datafield><datafield ind1=" " ind2=" " tag="040"><subfield code="a">DLC</subfield><subfield code="c">DLC</subfield></datafield><datafield ind1="0" ind2=" " tag="100"><subfield code="a">Philostorgius.</subfield></datafield><datafield ind1="0" ind2=" " tag="400"><subfield code="a">Philostorgios</subfield></datafield><datafield ind1=" " ind2=" " tag="670"><subfield code="a">His Kirchengeschichte, 1913.</subfield></datafield><datafield ind1=" " ind2=" " tag="670"><subfield code="a">MegaleÌ&#x84; helleÌ&#x84;nikeÌ&#x84; enkykl.</subfield><subfield code="b">(Philostorgios)</subfield></datafield></record>